<?xml version="1.0" encoding="UTF-8"?><collection xmlns="http://www.loc.gov/MARC21/slim"><record><leader>00443nam--2200145-i-4500</leader><controlfield tag="001">000043901</controlfield><controlfield tag="002">20161230</controlfield><controlfield tag="005">20161230201044</controlfield><controlfield tag="008">060222s1000------------r-----000-0-eng-d</controlfield><datafield ind1=" " ind2=" " tag="080"><subfield code="a">517.956.2:514.763.424:513.764.21</subfield></datafield><datafield ind1=" " ind2=" " tag="100"><subfield code="a">Teleman, Kostake</subfield></datafield><datafield ind1=" " ind2=" " tag="245"><subfield code="a">Metode si rezultate in geometria diferentiala moderna</subfield></datafield><datafield ind1=" " ind2=" " tag="260"><subfield code="a">Bucuresti,Editura Stiintifica Si Enciclopedica, 1979, 613p</subfield></datafield><datafield ind1=" " ind2=" " tag="852"><subfield code="a">46231</subfield><subfield code="c">517.9</subfield></datafield><datafield ind1=" " ind2=" " tag="CAT"><subfield code="a">Sys</subfield><subfield code="c">20081104</subfield><subfield code="h">093315</subfield></datafield></record></collection>